@book{knief1981nuclear,
  title = {Nuclear Energy Technology: Theory and Practice of Commercial Nuclear Power},
  author = {Knief, R.A.},
  year = {1981},
  isbn = {9780070350861},
  publisher = {Hemisphere Publishing Corporation},
  series = {McGraw-Hill series in nuclear engineering},
  url = {https://books.google.com/books?id=pdjZAAAAMAAJ}
}

@techreport{OECD2020,
  author = {{OECD Nuclear Energy Agency}},
  title = {Nuclear Education and Training: From Concern to Capability},
  institution = {OECD Publishing},
  year = {2020},
  url = {https://www.oecd-nea.org/education/nuclear-education-training.pdf}
}


@techreport{moderninstruments,
  title={Modern instrumentation and control for nuclear power plants: a guidebook.},
  location={Vienna, Austria},
  date={1999},
  isbn={92-0-101199-7},
  author={{International Atomic Energy Agency}},
}
@techreport{iec964,
title = {Design for Control Rooms of Nuclear Power Plants, Standard 964},
  author={International Electrotechnical Commision},
  year = {1989},
  location = {Geneva, Switzerland},
  publisher = {IEC}
}

@online{Reuters2011,
  author = {Reuters},
  title = {Siemens Exits Nuclear Energy Business},
  year = {2011},
  url = {https://www.reuters.com/article/us-siemens-energy-idUSTRE78H0F920110918},
  urldate = {2024-06-04}
}
@book{tmiwalker,
title = {Three Mile Island: a nuclear crisis in a historical perspective},
  author = {Walker, J. Samuel},
  publisher = {University of California Press},
  location = {Berkeley and Los Angeles, California},
  year = {2004}
}

@techreport{wnisr2022,
  author = {Schneider, Mycle and Froggatt, Antony},
  title = {World Nuclear Industry Status Report 2022},
  year = {2022},
  url = {https://www.worldnuclearreport.org/},
  urldate = {2024-06-04}
}
  @techreport{doe2020,
title={Restoring America's Competitive Nuclear Energy Advantage: A strategy to assure U.S. national security},
  author={{U.S. Department of Energy}},
  year={2020},
  url={https://www.energy.gov/sites/default/files/2020-09/restoring-americas-competitive-nuclear-energy-advantage.pdf},
  urldate={2024-06-04}
}

@misc{aafnuclearcosts,
  title        = {The Cost of Nuclear Power},
  author       = {American Action Forum},
  year         = {2021},
  url          = {https://www.americanactionforum.org/research/the-cost-of-nuclear-power/},
  note         = {Accessed: 2025-06-06}
}

@misc{iea2020,
  title        = {World Energy Investment 2020},
  author       = {{International Energy Agency}},
  year         = {2020},
  url          = {https://www.iea.org/reports/world-energy-investment-2020},
  note         = {Accessed: 2025-06-06}
}
@misc{iec60964,
  title     = {Design for control rooms of nuclear power plants},
  organization = {International Electrotechnical Commission},
  number    = {IEC 60964:2009},
  year      = {2009},
  note      = {Accessed: 2025-06-06},
  url       = {https://webstore.iec.ch/publication/724}
}
@report{iaea_fukushima_report,
  title        = {The Fukushima Daiichi Accident},
  author       = {{International Atomic Energy Agency}},
  year         = {2015},
  institution  = {IAEA},
  url          = {https://www-pub.iaea.org/MTCD/Publications/PDF/AdditionalVolumes/P1710/Publication/Fukushima-Daiichi_accident_report.pdf},
  note         = {Accessed: 2025-06-06}
}

@misc{nrc_fukushima,
  author       = {{U.S. Nuclear Regulatory Commission}},
  title        = {Backgrounder on the Fukushima Daiichi Nuclear Accident},
  year         = {2021},
  url          = {https://www.nrc.gov/reading-rm/doc-collections/fact-sheets/japan-events.html},
  note         = {Accessed: 2025-06-06}
}

@misc{worldnuclear_fukushima_review,
  author       = {{World Nuclear Association}},
  title        = {Fukushima Daiichi Accident},
  year         = {2023},
  url          = {https://world-nuclear.org/information-library/safety-and-security/safety-of-plants/fukushima-daiichi-accident.aspx},
  note         = {Accessed: 2025-06-06}
}
@techreport{iaea1992chernobyl,
  title        = {The Chernobyl Accident: Updating of INSAG-1},
  author       = {{International Atomic Energy Agency}},
  institution  = {IAEA},
  year         = {1992},
  number       = {INSAG-7},
  url          = {https://www-pub.iaea.org/MTCD/publications/PDF/Pub913e_web.pdf},
  note         = {Accessed: 2025-06-06}
}

@misc{nrc_chernobyl,
  author       = {{U.S. Nuclear Regulatory Commission}},
  title        = {Backgrounder on Chernobyl Nuclear Power Plant Accident},
  year         = {2020},
  url          = {https://www.nrc.gov/reading-rm/doc-collections/fact-sheets/chernobyl-bg.html},
  note         = {Accessed: 2025-06-06}
}

@online{wna2023chernobyl,
  author       = {{World Nuclear Association}},
  title        = {Chernobyl Accident 1986},
  year         = {2023},
  url          = {https://world-nuclear.org/information-library/safety-and-security/safety-of-plants/chernobyl-accident.aspx},
  note         = {Accessed: 2025-06-06}
}

@misc{mitocw_rbmkreview,
  author       = {Driscoll, Michael J.},
  title        = {RBMK Reactor Characteristics -- Nuclear Systems Design Project (22.33)},
  year         = {2004},
  howpublished = {\url{https://ocw.mit.edu}},
  note         = {Accessed: 2025-06-06}
}

@book{medvedev1991truth,
  author       = {Medvedev, Grigori},
  title        = {The Truth About Chernobyl},
  year         = {1991},
  publisher    = {Basic Books},
  isbn         = {9780465087725}
}
@techreport{IEA2020,
  author = {{International Energy Agency}},
  title = {World Energy Investment 2020},
  year = {2020},
  url = {https://www.iea.org/reports/world-energy-investment-2020},
  urldate = {2024-06-04}
}

@techreport{AAFNuclearCosts,
  author = {Rossetti, Philip and Loris, Nicolas},
  title = {Examining the Costs and Benefits of Nuclear Regulations},
  institution = {American Action Forum},
  year = {2017},
  url = {https://www.americanactionforum.org/research/examining-costs-benefits-nuclear-regulations/},
  urldate = {2024-06-04}
}

@techreport{NRCIandC,
  author = {{U.S. Nuclear Regulatory Commission}},
  title = {Instrumentation and Control},
  year = {2022},
  url = {https://www.nrc.gov/reactors/new-reactors/design-cert/instrumentation.html},
  urldate = {2024-06-04}
}

@techreport{MIT2020,
  author = {Buongiorno, Jacopo and Corradini, Michael and Parsons, John and Petti, David},
  title = {The Future of Nuclear Energy in a Carbon-Constrained World},
  institution = {Massachusetts Institute of Technology},
  year = {2020},
  url = {https://energy.mit.edu/research/future-nuclear-energy-carbon-constrained-world/},
  urldate = {2024-06-04}
}
@article{sl1report,
  title = {SL-1 Reactor Accident on January 3, 1961: Interim Report},
  author = {Combustion Engineering},
  publisher = {U.S. Department of Energy, Idaho Operations Office},
  date={1961-05-15},
  url={http://large.stanford.edu/courses/2017/ph241/berrios1/docs/ido-19300.pdf}
}

@report{ichandbook,
  author = {Harrer, Joseph M. and Beckerley, James G.},
  title = {Nuclear Power Reactor Instrumentation Systems Handbook. Volume 1},
  date = {1973-01-01},
  location = {Illinois},
  url = {https://www.nrc.gov/docs/ML1403/ML14031A424.pdf}
}

@article{meshkati1991human,
  title = {Human factors in large-scale technological systemsâ€™ accidents: Three Mile Island, Bhopal, Chernobyl},
  author = {Meshkati, Najmedin},
  journal = {Industrial Crisis Quarterly},
  pages = {133--154},
  year = {1991},
  doi = {10.1177/108602669100500203},
  url = {https://doi.org/10.1177/108602669100500203}
}

@techreport{williams2024ap1000,
  author = {Williams, Bradley J. and Wagner, John C. and Gehin, Jess C.},
  title = {Opportunities for AP1000 Deployment at Existing and Planned Nuclear Sites},
  institution = {Idaho National Laboratory},
  type = {Technical Report},
  number = {INL/MIS-24-80216, Revision 0},
  year = {2024},
  month = {August},
  address = {Idaho Falls, Idaho},
  url = {http://www.inl.gov},
  note = {Prepared by Battelle Energy Alliance, LLC, under contract with the U.S. Department of Energy}
}

@article{abdussami2025future,
  title = {Future energy landscapes: Analyzing the cost-effectiveness of nuclear-renewable integrated energy systems in retrofitting of coal power plants},
  author = {Abdussami, Muhammad R. and Verma, Aditi},
  journal = {Applied Energy},
  pages = {124460},
  year = {2025},
  issn = {0306-2619},
  doi = {10.1016/j.apenergy.2024.124460},
  url = {https://www.sciencedirect.com/science/article/pii/S0306261924018439},
  keywords = {Coal power plants, Integrated energy systems, Nuclear power, Renewable energy, Optimization}
}

@book{nuctech,
  title = {The Technology of Nuclear Reactor Safety},
  author = {Pearson, A. and Lennox, C. G.},
  pages = {288},
  publisher = {The MIT Press},
  location = {Cambridge, Mass},
  date = {1964}
}

@techreport{shirvan2024cost,
  author = {Shirvan, Koroush},
  title = {2024 Total Cost Projection of Next AP1000},
  institution = {Advanced Nuclear Power Program, Department of Nuclear Science and Engineering, Massachusetts Institute of Technology},
  type = {Technical Report},
  number = {MIT-ANP-TR-201},
  year = {2024},
  month = {July},
  note = {Atlantic Richfield Career Development Professor in Energy Studies}
}
