@book{knief1981nuclear,
  title = {Nuclear Energy Technology: Theory and Practice of Commercial Nuclear Power},
  author = {Knief, R.A.},
  year = {1981},
  isbn = {9780070350861},
  publisher = {Hemisphere Publishing Corporation},
  series = {McGraw-Hill series in nuclear engineering},
  url = {https://books.google.com/books?id=pdjZAAAAMAAJ}
}

@techreport{OECD2020,
  author = {{OECD Nuclear Energy Agency}},
  title = {Nuclear Education and Training: From Concern to Capability},
  institution = {OECD Publishing},
  year = {2020},
  url = {https://www.oecd-nea.org/education/nuclear-education-training.pdf}
}

@online{Reuters2011,
  author = {Reuters},
  title = {Siemens Exits Nuclear Energy Business},
  year = {2011},
  url = {https://www.reuters.com/article/us-siemens-energy-idUSTRE78H0F920110918},
  urldate = {2024-06-04}
}

@techreport{WNISR2022,
  author = {Schneider, Mycle and Froggatt, Antony},
  title = {World Nuclear Industry Status Report 2022},
  year = {2022},
  url = {https://www.worldnuclearreport.org/},
  urldate = {2024-06-04}
}

@techreport{IEA2020,
  author = {{International Energy Agency}},
  title = {World Energy Investment 2020},
  year = {2020},
  url = {https://www.iea.org/reports/world-energy-investment-2020},
  urldate = {2024-06-04}
}

@techreport{AAFNuclearCosts,
  author = {Rossetti, Philip and Loris, Nicolas},
  title = {Examining the Costs and Benefits of Nuclear Regulations},
  institution = {American Action Forum},
  year = {2017},
  url = {https://www.americanactionforum.org/research/examining-costs-benefits-nuclear-regulations/},
  urldate = {2024-06-04}
}

@techreport{NRCIandC,
  author = {{U.S. Nuclear Regulatory Commission}},
  title = {Instrumentation and Control},
  year = {2022},
  url = {https://www.nrc.gov/reactors/new-reactors/design-cert/instrumentation.html},
  urldate = {2024-06-04}
}

@techreport{MIT2020,
  author = {Buongiorno, Jacopo and Corradini, Michael and Parsons, John and Petti, David},
  title = {The Future of Nuclear Energy in a Carbon-Constrained World},
  institution = {Massachusetts Institute of Technology},
  year = {2020},
  url = {https://energy.mit.edu/research/future-nuclear-energy-carbon-constrained-world/},
  urldate = {2024-06-04}
}
@article{sl1report,
  title = {SL-1 Reactor Accident on January 3, 1961: Interim Report},
  author = {Combustion Engineering},
  publisher = {U.S. Department of Energy, Idaho Operations Office},
  date={1961-05-15},
  url={http://large.stanford.edu/courses/2017/ph241/berrios1/docs/ido-19300.pdf}
}

@report{ichandbook,
  author = {Harrer, Joseph M. and Beckerley, James G.},
  title = {Nuclear Power Reactor Instrumentation Systems Handbook. Volume 1},
  date = {1973-01-01},
  location = {Illinois},
  url = {https://www.nrc.gov/docs/ML1403/ML14031A424.pdf}
}

@article{meshkati1991human,
  title = {Human factors in large-scale technological systemsâ€™ accidents: Three Mile Island, Bhopal, Chernobyl},
  author = {Meshkati, Najmedin},
  journal = {Industrial Crisis Quarterly},
  volume = {5},
  number = {2},
  pages = {133--154},
  year = {1991},
  doi = {10.1177/108602669100500203},
  url = {https://doi.org/10.1177/108602669100500203}
}

@techreport{williams2024ap1000,
  author = {Williams, Bradley J. and Wagner, John C. and Gehin, Jess C.},
  title = {Opportunities for AP1000 Deployment at Existing and Planned Nuclear Sites},
  institution = {Idaho National Laboratory},
  type = {Technical Report},
  number = {INL/MIS-24-80216, Revision 0},
  year = {2024},
  month = {August},
  address = {Idaho Falls, Idaho},
  url = {http://www.inl.gov},
  note = {Prepared by Battelle Energy Alliance, LLC, under contract with the U.S. Department of Energy}
}

@article{abdussami2025future,
  title = {Future energy landscapes: Analyzing the cost-effectiveness of nuclear-renewable integrated energy systems in retrofitting of coal power plants},
  author = {Abdussami, Muhammad R. and Verma, Aditi},
  journal = {Applied Energy},
  volume = {377},
  pages = {124460},
  year = {2025},
  issn = {0306-2619},
  doi = {10.1016/j.apenergy.2024.124460},
  url = {https://www.sciencedirect.com/science/article/pii/S0306261924018439},
  keywords = {Coal power plants, Integrated energy systems, Nuclear power, Renewable energy, Optimization}
}

@book{nuctech,
  title = {The Technology of Nuclear Reactor Safety},
  author = {Pearson, A. and Lennox, C. G.},
  volume = {1},
  pages = {288},
  publisher = {The MIT Press},
  location = {Cambridge, Mass},
  date = {1964}
}

@techreport{shirvan2024cost,
  author = {Shirvan, Koroush},
  title = {2024 Total Cost Projection of Next AP1000},
  institution = {Advanced Nuclear Power Program, Department of Nuclear Science and Engineering, Massachusetts Institute of Technology},
  type = {Technical Report},
  number = {MIT-ANP-TR-201},
  year = {2024},
  month = {July},
  note = {Atlantic Richfield Career Development Professor in Energy Studies}
}
