@book{knief1981nuclear,
  title={Nuclear Energy Technology: Theory and Practice of Commercial Nuclear Power},
  author={Knief, R.A.},
  isbn={9780070350861},
  lccn={80025862},
  series={McGraw-Hill series in nuclear engineering},
  url={https://books.google.com/books?id=pdjZAAAAMAAJ},
  year={1981},
  publisher={Hemisphere Publishing Corporation}
}

@article{humanfactors1981,
author = {Najmedin Meshkati},
title ={Human factors in large-scale technological systems' accidents: Three Mile Island, Bhopal, Chernobyl},
journal = {Industrial Crisis Quarterly},
volume = {5},
number = {2},
pages = {133-154},
year = {1991},
doi = {10.1177/108602669100500203},
URL = {https://doi.org/10.1177/108602669100500203},
eprint = {https://doi.org/10.1177/108602669100500203}
}

@techreport{williams2024ap1000,
  author       = {Bradley J. Williams and John C. Wagner and Jess C. Gehin},
  title        = {Opportunities for AP1000 Deployment at Existing and Planned Nuclear Sites},
  institution  = {Idaho National Laboratory},
  type         = {Technical Report},
  number       = {INL/MIS-24-80216, Revision 0},
  year         = {2024},
  month        = {August},
  address      = {Idaho Falls, Idaho},
  url          = {http://www.inl.gov},
  note         = {Prepared by Battelle Energy Alliance, LLC, under contract with the U.S. Department of Energy}
}

@article{ABDUSSAMI2025124460,
  title = {Future energy landscapes: Analyzing the cost-effectiveness of nuclear-renewable integrated energy Systems in Retrofitting of coal power plants},
  journal = {Applied Energy},
  volume = {377},
  pages = {124460},
  year = {2025},
  issn = {0306-2619},
  doi = {https://doi.org/10.1016/j.apenergy.2024.124460},
  url = {https://www.sciencedirect.com/science/article/pii/S0306261924018439},
  author = {Muhammad R. Abdussami and Aditi Verma},
  keywords = {Coal power plants, Integrated energy systems, Nuclear power, Renewable energy, Optimization}
}
@techreport{shirvan2024ap1000,
  author       = {Koroush Shirvan},
  title        = {2024 Total Cost Projection of Next AP1000},
  institution  = {Advanced Nuclear Power Program, Department of Nuclear Science and Engineering, Massachusetts Institute of Technology},
  type         = {Technical Report},
  number       = {MIT-ANP-TR-201},
  year         = {2024},
  month        = {July},
  note         = {Atlantic Richfield Career Development Professor in Energy Studies}
}
