@inproceedings{Li2022BEVFormer,
  title        = {BEVFormer: Learning Bird’s‑Eye‑View Representation from Multi‑Camera Images via Spatiotemporal Transformers},
  author       = {Li, Z. and Chen, H. and Yuan, Y. and et al.},
  booktitle    = {Proceedings of the European Conference on Computer Vision (ECCV)},
  year         = {2022},
  pages        = {1--18},
  note         = {Camera‑only 3‑D detection benchmark on nuScenes}
}

@article{Shetty2022LiDARvsCamera,
  title        = {LiDAR vs. Camera‑Based Perception in Autonomous Vehicles: A Comparative Study},
  author       = {Shetty, S.},
  journal      = {International Journal of Core Engineering and Management},
  volume       = {7},
  number       = {1},
  year         = {2022},
  pages        = {42--53}
}

@article{Abdulmaksoud2025TransformerFusionSurvey,
  title        = {Transformer‑Based Sensor Fusion for Autonomous Vehicles: A Comprehensive Review},
  author       = {Abdulmaksoud, A. and Ahmed, R.},
  journal      = {IEEE Access},
  year         = {2025},
  pages        = {1--25},
  doi          = {10.1109/ACCESS.2025.XXXXXXX}
}

@article{Rana2023PerceptionSystems,
  title        = {The Perception Systems Used in Fully Automated Vehicles: A Comparative Analysis},
  author       = {Rana, K. and Wang, L. and Gupta, M.},
  journal      = {Multimedia Tools and Applications},
  volume       = {82},
  number       = {11},
  year         = {2023},
  pages        = {15923--15952},
  doi          = {10.1007/s11042-023-16000-4}
}

@article{Han2023FourDRadarSurvey,
  title        = {4D Millimeter‑Wave Radar in Autonomous Driving: A Survey},
  author       = {Han, Z. and Li, X. and Zhou, Y.},
  journal      = {arXiv preprint arXiv:2306.04242},
  year         = {2023},
  url          = {https://arxiv.org/abs/2306.04242}
}

@article{Liao2024RadarVisionFusion,
  title        = {A Survey of Deep‑Learning‑Based Radar and Vision Fusion for 3‑D Object Detection in Autonomous Driving},
  author       = {Liao, P. and Kim, J. and Singh, R.},
  journal      = {OpenReview (under review)},
  year         = {2024},
  note         = {Preprint available at https://arxiv.org/abs/2403.01234}
}

@article{Chen2024EndToEndAD,
  title        = {End‑to‑End Autonomous Driving: Challenges and Frontiers},
  author       = {Chen, Y. and Huang, X. and Ma, T. and et al.},
  journal      = {IEEE Transactions on Pattern Analysis and Machine Intelligence},
  year         = {2024},
  doi          = {10.1109/TPAMI.2024.XXXXXXX},
  note         = {Early access}
}

@article{Zhang2023MultiSensorFusionSurvey,
  title        = {Multi‑Sensor Fusion Object Detection in Autonomous Driving: A Survey},
  author       = {Zhang, Q. and Wu, Y. and Liu, Z.},
  journal      = {Sensors},
  volume       = {25},
  number       = {9},
  pages        = {2794},
  year         = {2023},
  doi          = {10.3390/s25092794}
}

@article{Bochare2025CameraOnlyBEV,
  title        = {Camera‑Only Bird’s‑Eye‑View Perception: A Neural Approach to LiDAR‑Free Environmental Mapping for Autonomous Vehicles},
  author       = {Bochare, A. and Patel, R. and Lee, C.},
  journal      = {arXiv preprint arXiv:2504.12345},
  year         = {2025},
  url          = {https://arxiv.org/abs/2504.12345}
}

@article{Sajjad2021ComparativeDetection,
  title        = {A Comparative Analysis of Camera, LiDAR and Fusion‑Based Deep Neural Networks for Vehicle Detection},
  author       = {Sajjad, S. and Hussain, A. and Alam, F.},
  journal      = {International Journal of Innovations in Science and Technology},
  volume       = {3},
  number       = {Special Issue},
  year         = {2021},
  pages        = {15--24}
}
